@misc{CDC14a,
author = {{Centers for Disease Control  Prevention}},
title = {Estimating Seasonal Influenza-Associated Deaths in the {U}nited {S}tates: {CDC} Study Confirms Variability of Flu},
month = {},
year = {2015},
url = {http://www.cdc.gov/flu/about/disease/us_flu-related_deaths.htm}
}


%15163484
@article{medecon2004,
   author = {Szucs, T. D.},
   title = {Medical economics in the field of influenza---past, present and future},
   journal = {Virus Res},
   volume = {103},
   number = {1-2},
   pages = {25--30},
   year = {2004},
   type = {Journal Article}
}

@article{RN34954,
   author = {Gog, J. R. and Ballesteros, S. and Viboud, C. and Simonsen, L. and Bjornstad, O. N. and Shaman, J. and Chao, D. L. and Khan, F. and Grenfell, B. T.},
   title = {Spatial Transmission of 2009 Pandemic Influenza in the US},
   journal = {PLoS Comput Biol},
   volume = {10},
   number = {6},
   pages = {e1003635},
   DOI = {10.1371/journal.pcbi.1003635},
   url = {http://www.ncbi.nlm.nih.gov/pubmed/24921923},
   year = {2014},
   type = {Journal Article}
}




%3666982
@article{fluecon2013,
   author = {Carrasco, L. R. and Jit, M. and Chen, M. I. and Lee, V. J. and Milne, G. J. and Cook, A. R.},
   title = {Trends in parameterization, economics and host behaviour in influenza pandemic modelling: a review and reporting protocol},
   journal = {Emerg Themes Epidemiol},
   volume = {10},
   number = {1},
   pages = {3},
   DOI = {10.1186/1742-7622-10-3},
   year = {2013},
   type = {Journal Article}
}

%4327778
@article{globalmortality2014,
   author = {Fischer, W. A., and Gong, M. and Bhagwanjee, S. and Sevransky, J.},
   title = {Global Burden of Influenza as a Cause of Cardiopulmonary Morbidity and Mortality},
   journal = {Glob Heart},
   volume = {9},
   number = {3},
   pages = {325--336},
   year = {2014}
}

% 19797736 
@Article{thomp09,
   Author="Thompson, W. W.  and Moore, M. R.  and Weintraub, E.  and Cheng, P. Y.  and Jin, X.  and Bridges, C. B.  and Bresee, J. S.  and Shay, D. K. ",
   Title="{{E}stimating influenza-associated deaths in the {U}nited {S}tates}",
   Journal="Am J Public Health",
   Year="2009",
   Volume="99 Suppl 2",
   Pages="S225--230",
   Month="Oct"
}
% 12517228 
@Article{thomp03,
   Author="Thompson, W. W.  and Shay, D. K.  and Weintraub, E.  and Brammer, L.  and Cox, N.  and Anderson, L. J.  and Fukuda, K. ",
   Title="{{M}ortality associated with influenza and respiratory syncytial virus in the {U}nited {S}tates}",
   Journal="JAMA",
   Year="2003",
   Volume="289",
   Number="2",
   Pages="179--186",
   Month="Jan"
}
% 19453440 
@Article{thomp09b,
   Author="Thompson, W. W.  and Weintraub, E.  and Dhankhar, P.  and Cheng, P. Y.  and Brammer, L.  and Meltzer, M. I.  and Bresee, J. S.  and Shay, D. K. ",
   Title="{{E}stimates of {U}{S} influenza-associated deaths made using four different methods}",
   Journal="Influenza Other Respir Viruses",
   Year="2009",
   Volume="3",
   Number="1",
   Pages="37--49",
   Month="Jan"
}
% 23736803 
@Article{infcomm,
   Author="Cowling, B. J.  and Ip, D. K.  and Fang, V. J.  and Suntarattiwong, P.  and Olsen, S. J.  and Levy, J.  and Uyeki, T. M.  and Leung, G. M.  and Malik Peiris, J. S.  and Chotpitayasunondh, T.  and Nishiura, H.  and Mark Simmerman, J. ",
   Title="{{A}erosol transmission is an important mode of influenza {A} virus spread}",
   Journal="Nat Commun",
   Year="2013",
   Volume="4",
   Pages="1935"
}
% 16627734 
@Article{olsen06,
   Author="Olsen, B.  and Munster, V. J.  and Wallensten, A.  and Waldenstrom, J.  and Osterhaus, A. D.  and Fouchier, R. A. ",
   Title="{{G}lobal patterns of influenza a virus in wild birds}",
   Journal="Science",
   Year="2006",
   Volume="312",
   Number="5772",
   Pages="384--388",
   Month="Apr"
}
% 1579108 
@Article{webster92r1,
   Author="Webster, R. G.  and Bean, W. J.  and Gorman, O. T.  and Chambers, T. M.  and Kawaoka, Y. ",
   Title="{{E}volution and ecology of influenza {A} viruses}",
   Journal="Microbiol. Rev.",
   Year="1992",
   Volume="56",
   Number="1",
   Pages="152--179",
   Month="Mar"
}
% 23604 
@Article{webster78r7,
   Author="Webster, R. G.  and Yakhno, M.  and Hinshaw, V. S.  and Bean, W. J.  and Murti, K. G. ",
   Title="{{I}ntestinal influenza: replication and characterization of influenza viruses in ducks}",
   Journal="Virology",
   Year="1978",
   Volume="84",
   Number="2",
   Pages="268--278",
   Month="Feb"
}
% 10881676 
@Article{okaz00r10,
   Author="Okazaki, K.  and Takada, A.  and Ito, T.  and Imai, M.  and Takakuwa, H.  and Hatta, M.  and Ozaki, H.  and Tanizaki, T.  and Nagano, T.  and Ninomiya, A.  and Demenev, V. A.  and Tyaptirganov, M. M.  and Karatayeva, T. D.  and Yamnikova, S. S.  and Lvov, D. K.  and Kida, H. ",
   Title="{{P}recursor genes of future pandemic influenza viruses are perpetuated in ducks nesting in {S}iberia}",
   Journal="Arch. Virol.",
   Year="2000",
   Volume="145",
   Number="5",
   Pages="885--893"
}
% 16965717 
@Article{gill06,
   Author="Gill, J. S.  and Webby, R.  and Gilchrist, M. J.  and Gray, G. C. ",
   Title="{{A}vian influenza among waterfowl hunters and wildlife professionals}",
   Journal="Emerging Infect. Dis.",
   Year="2006",
   Volume="12",
   Number="8",
   Pages="1284--1286",
   Month="Aug"
}
@Article{shafir12,
   Author="Shafir, S. C.  and Fuller, T.  and Smith, T. B.  and Rimoin, A. W. ",
   Title="{{A} national study of individuals who handle migratory birds for evidence of avian and swine-origin influenza virus infections}",
   Journal="J. Clin. Virol.",
   Year="2012",
   Volume="54",
   Number="4",
   Pages="364--367",
   Month="Aug"
}
% 21530384 
@Article{gray11,
   Author="Gray, G. C.  and Ferguson, D. D.  and Lowther, P. E.  and Heil, G. L.  and Friary, J. A. ",
   Title="{{A} national study of {U}{S} bird banders for evidence of avian influenza virus infections}",
   Journal="J. Clin. Virol.",
   Year="2011",
   Volume="51",
   Number="2",
   Pages="132--135",
   Month="Jun"
}

@article{RN30387,
   author = {Gog, J. R. and Ballesteros, S. and Viboud, C. and Simonsen, L. and Bjornstad, O. N. and Shaman, J. and Chao, D. L. and Khan, F. and Grenfell, B. T.},
   title = {Spatial Transmission of 2009 Pandemic Influenza in the US},
   journal = {PLoS Comput Biol},
   volume = {10},
   number = {6},
   pages = {e1003635},
   ISSN = {1553-7358 (Electronic)
1553-734X (Linking)},
   DOI = {10.1371/journal.pcbi.1003635},
   url = {http://www.ncbi.nlm.nih.gov/pubmed/24921923},
   year = {2014},
   type = {Journal Article}
}




@ARTICLE{ebird,
	author = {B L Sullivan and C L Wood and M J Iliff and R E Bonney and D Fink and S Kelling},
	title = {ebird: A citizen-based bird observation network in the biological sciences},
	journal = {Biological Conservation},
	year = {2009},
	number = {142},
	pages = {2282--2292}
}

@misc{ebirdb,
    author = "{Cornell Laboratory of Ornithology}",
    title = {{eBird: An online database of bird distribution and abundance}},
    howpublished = {\url{http://www.ebird.org}},
    note = {Online; accessed 15 January 2015} ,
    year=2012,
}

@article{RN32367,
   author = {Bedford, T. and Riley, S. and Barr, I. G. and Broor, S. and Chadha, M. and Cox, N. J. and Daniels, R. S. and Gunasekaran, C. P. and Hurt, A. C. and Kelso, A. and Klimov, A. and Lewis, N. S. and Li, X. and McCauley, J. W. and Odagiri, T. and Potdar, V. and Rambaut, A. and Shu, Y. and Skepner, E. and Smith, D. J. and Suchard, M. A. and Tashiro, M. and Wang, D. and Xu, X. and Lemey, P. and Russell, C. A.},
   title = {Global circulation patterns of seasonal influenza viruses vary with antigenic drift},
   journal = {Nature},
   volume = {523},
   number = {7559},
   pages = {217--220},
   ISSN = {1476-4687 (Electronic)
0028-0836 (Linking)},
   DOI = {10.1038/nature14460},
   url = {http://www.ncbi.nlm.nih.gov/pubmed/26053121},
   year = {2015},
   type = {Journal Article}
}


@article{heth00,
author = {Herbert W. Hethcote},
title = {The Mathematics of Infectious Diseases},
journal = {SIAM Review},
volume = {42},
number = {4},
pages = {599-653},
year = {2000},
doi = {10.1137/S0036144500371907},
URL = {http://dx.doi.org/10.1137/S0036144500371907},
}
