@book{klenke2013probability,
    title={Probability theory: a comprehensive course},
    author={Klenke, Achim},
    year={2013},
    publisher={Springer Science \& Business Media}
}

@book{tao2011introduction,
    title={An introduction to measure theory},
    author={Tao, Terence},
    year={2011},
    publisher={American Mathematical Society Providence, RI}
}

@Article{pmid19737791,
   Author="King, M.  and Bearman, P. ",
   Title="{{D}iagnostic change and the increased prevalence of autism}",
   Journal="Int J Epidemiol",
   Year="2009",
   Volume="38",
   Number="5",
   Pages="1224--1234",
   Month="Oct"
}

@Article{pmid22495912,
   Author="Elsabbagh, M.  and Divan, G.  and Koh, Y. J.  and Kim, Y. S.  and Kauchali, S.  and Marcin, C.  and Montiel-Nava, C.  and Patel, V.  and Paula, C. S.  and Wang, C.  and Yasamy, M. T.  and Fombonne, E. ",
   Title="{{G}lobal prevalence of autism and other pervasive developmental disorders}",
   Journal="Autism Res",
   Year="2012",
   Volume="5",
   Number="3",
   Pages="160--179",
   Month="Jun"
}

@Article{pmid30733689,
   Author="Tye, C.  and Runicles, A. K.  and Whitehouse, A. J. O.  and Alvares, G. A. ",
   Title="{{C}haracterizing the {I}nterplay {B}etween {A}utism {S}pectrum {D}isorder and {C}omorbid {M}edical {C}onditions: {A}n {I}ntegrative {R}eview}",
   Journal="Front Psychiatry",
   Year="2018",
   Volume="9",
   Pages="751"
}

@Article{pmid22511918,
   Author="Kohane, I. S.  and McMurry, A.  and Weber, G.  and MacFadden, D.  and Rappaport, L.  and Kunkel, L.  and Bickel, J.  and Wattanasin, N.  and Spence, S.  and Murphy, S.  and Churchill, S. ",
   Title="{{T}he co-morbidity burden of children and young adults with autism spectrum disorders}",
   Journal="PLoS ONE",
   Year="2012",
   Volume="7",
   Number="4",
   Pages="e33224"
}