@misc{NYT,
author = {{New York Times}},
title = {Chicago Police Try to Predict Who May Shoot or Be Shot},
year = 2016,
url = {http://www.nytimes.com/2016/05/24/us/armed-with-data-chicago-police-try-to-predict-who-may-shoot-or-be-shot.html},
urldate = {2016-05-23}
}


@misc{CHT,
author = {{Chicago Tonight}},
title = {Chicago Police Use Algorithm to Predict, Combat Violence},
year = 2016,
url = {{http://chicagotonight.wttw.com/2016/06/01/chicago-police-use-algorithm-predict-combat-violence}},
urldate = {2016-06-01}
}

@misc{TCR,
author = {{The Crime Report}},
title = {Policing with algorithms},
year = 2016,
url = {http://thecrimereport.org/2016/04/06/policing-with-algorithms/},
urldate = {2016-04-06}
}

@misc{PRP,
author = {{Pro-publica}},
title = {Machine Bias},
year = 2016,
url = {https://www.propublica.org/article/machine-bias-risk-assessments-in-criminal-sentencing},
urldate = {2016-05-23}
}



@book{popper-scientificdiscovery,
Author = {Popper, Karl Raimund},
Booktitle = {The Logic of Scientific Discovery},
First-Edition = 1959,
Isbn = {0-415-27844-9},
Note = {1st English Edition:1959},
Publisher = {Routledge},
Title = {The Logic of Scientific Discovery},
Year=2002
}




@inproceedings{AndersonKM16,
  author    = {Ashton Anderson and
                 Jon M. Kleinberg and
		                Sendhil Mullainathan},
title     = {Assessing Human Error Against a Benchmark of Perfection},
booktitle = {Proceedings of the 22nd {ACM} {SIGKDD} International Conference on  Knowledge Discovery and Data Mining, San Francisco, CA, USA, August 13-17, 2016},
pages     = {705--714},
year      = {2016}, 
doi       = {10.1145/2939672.2939803},
biburl    = {http://dblp.uni-trier.de/rec/bib/conf/kdd/AndersonKM16},
bibsource = {dblp computer science bibliography, http://dblp.org}
}

@article{Heath1909,
	year = {1909},
	journal = {International Journal of Ethics},
	author = {Carl Heath},
	pages = {233--238},
	number = {2},
	title = {Crime and Social Responsibility},
	volume = {19}
}

@incollection{kant1784,
    address = {Indianapolis},
    author = {Kant, Immanuel},
    booktitle = {Perpetual peace, and other essays on politics, history, and morals},
    citeulike-article-id = {1936416},
    comment = {Translated by Ted Humphrey.},
    keywords = {kant},
    pages = {107--143},
    posted-at = {2007-11-19 04:49:30},
    priority = {2},
    publisher = {Hackett Pub. Co.},
    title = {Idea for a Universal History with a Cosmopolitan Intent},
    year = {1983}
}

@article{mdoug1991,
	year = {1991},
	journal = {International Journal of Ethics},
	author = {Douglas, M.},
	pages = {6--8},
	number = {10},
	title = {Faith, Hope and Probability},
	volume = {13}
}

@book{hacking1990taming,
  title={The Taming of Chance},
  author={Hacking, I.},
  isbn={9780521388849},
  lccn={89036411},
  series={Ideas in Context},
  url={https://books.google.com/books?id=ud7EzIBwQBwC},
  year={1990},
  publisher={Cambridge University Press}
}